@Article{article:dyson,
  author       = {Dyson, Freeman J.},
  date         = {1962-06-22},
  journaltitle = {Journal of Mathematical Physics},
  title        = {A Brownian-Motion Model for the Eigenvalues of a Random Matrix},
  doi          = {{10.1063/1.1703862}},
  eprint       = {{https://pubs.aip.org/aip/jmp/article-pdf/3/6/1191/8158355/1191\_1\_online.pdf}},
  issn         = {{0022-2488}},
  number       = {6},
  pages        = {1191-1198},
  url          = {{https://doi.org/10.1063/1.1703862}},
  volume       = {3},
  abstract     = {"{A new type of Coulomb gas is defined, consisting of n point charges executing Brownian motions under the influence of their mutual electrostatic repulsions. It is proved that this gas gives an exact mathematical description of the behavior of the eigenvalues of an (n × n) Hermitian matrix, when the elements of the matrix execute independent Brownian motions without mutual interaction. By a suitable choice of initial conditions, the Brownian motion leads to an ensemble of random matrices which is a good statistical model for the Hamiltonian of a complex system possessing approximate conservation laws. The development with time of the Coulomb gas represents the statistical behavior of the eigenvalues of a complex system as the strength of conservation‐destroying interactions is gradually increased. A ``virial theorem'' is proved for the Brownian‐motion gas, and various properties of the stationary Coulomb gas are deduced as corollaries.}"},
  file         = {:C\:/Users/Esaul/Documents/Maestría en Probabilidad y Estadística/4 Cuarto semestre/Seminario de investigación/Referencias/Artículos/Freeman J. Dyson - A Brownian Motion Model for the Eigenvalues of a Random Matrix.pdf:PDF},
  year         = {2013},
}

@Online{online:tao_dyson,
  author = {Terence Tao},
  date   = {2010},
  title  = {254A, Notes 3b: Brownian motion and Dyson Brownian motion},
  url    = {https://terrytao.wordpress.com/2010/01/18/254a-notes-3b-brownian-motion-and-dyson-brownian-motion/},
  file   = {:C\:/Users/Esaul/Documents/Maestría en Probabilidad y Estadística/4 Cuarto semestre/Seminario de investigación/Referencias/Artículos/Terence Tao - 254A, Notes 3b Brownian motion and Dyson Brownian motion What's new.pdf:PDF},
}

@Misc{misc:maleckiperez,
  author        = {Małecki, Jacek and Pérez, José},
  date          = {2019-01-09},
  title         = {UNIVERSALITY CLASSES FOR GENERAL RANDOM MATRIX FLOWS},
  eprint        = {1901.02841},
  abstract      = {We consider matrix-valued processes described as solutions to stochastic differential equations of very general form. We study the family of the empirical measure-valued processes constructed from the corresponding eigenvalues. We show that the family indexed by the size of the matrix is tight under very mild assumptions on the coefficients of the initial SDE. We characterize the limiting distributions of its subsequences as solutions to an integral equation. We use this result to study some universality classes of random matrix flows. These generalize the classical results related to Dyson Brownian motion and squared Bessel particle systems. We study some new phenomenons as the existence of the generalized Marchenko-Pastur distributions supported on the real line. We also introduce universality classes related to generalized geometric matrix Brownian motions and Jacobi processes. Finally we study, under some conditions, the convergence of the empirical measure-valued process of eigenvalues associated to matrix flows to the law of a free diffusion.},
  archiveprefix = {arXiv},
  day           = {9},
  file          = {:C\:/Users/Esaul/Documents/Maestría en Probabilidad y Estadística/4 Cuarto semestre/Seminario de investigación/Referencias/Artículos/Jacek malecki, José Luis Pérez - Universality class for general random matrix flows.pdf:PDF},
  month         = {1},
  primaryclass  = {math.PR},
  year          = {2019},
}

@Book{book:potters,
  author    = {Jean-Phillipe Bouchaud and Marc Potters},
  date      = {2021},
  title     = {A FIRST COURSE IN RANDOM MATRIX THEORY},
  doi       = {10.1017/9781108768900},
  isbn      = {978-1-108-48808-2},
  publisher = {Cambridge University Press},
  subtitle  = {for Physicists, Engineers and Data Scientists},
  abstract  = {The real world is perceived and broken down as data, models and algorithms in the eyes of physicists and engineers. Data is noisy by nature and classical statistical tools have so far been successful in dealing with relatively smaller levels of randomness. The recent emergence of Big Data and the required computing power to analyze them have rendered classical tools outdated and insufficient. Tools such as random matrix theory and the study of large sample covariance matrices can efficiently process these big datasets and help make sense of modern, deep learning algorithms. Presenting an introductory calculus course for random matrices, the book focuses on modern concepts in matrix theory, generalizing the standard concept of probabilistic independence to non-commuting random variables. Concretely worked out examples and applications to financial engineering and portfolio construction make this unique book an essential tool for physicists, engineers, data analysts and economists. marc potters is Chief Investment Officer of CFM, an investment firm based in Paris. Marc maintains strong links with academia and, as an expert in random matrix theory, he has taught at UCLA and Sorbonne University. jean-philippe bouchaud is a pioneer in econophysics. His research includes random matrix theory, statistics of price formation, stock market fluctuations, and agent-based models for financial markets and macroeconomics. His previous books include Theory of Financial Risk and Derivative Pricing (Cambridge University Press, 2003) and Trades, Quotes and Prices (Cambridge University Press, 2018), and he has been the recipient of several prestigious, international awards.},
  file      = {:C\:/Users/Esaul/Documents/MAESTR~1/4CUART~1/SEMINA~1/REFERE~1/Libros/MARCPO~1.PDF:PDF},
}

@Article{article:multiyamada,
  author  = {Graczyk, Piotr and Małecki, Jacek},
  title   = {Multidimensional Yamada-Watanabe theorem and its applications},
  doi     = {10.1063/1.4790507},
  volume  = {54},
  file    = {:C\:/Users/Esaul/Documents/Maestría en Probabilidad y Estadística/4 Cuarto semestre/Seminario de investigación/Referencias/Artículos/Piotr Graczyk, Jacek Malecki - Multidimensional Yamada-Watanabe theorem and its applications to particle systems.pdf:PDF},
  journal = {Journal of Mathematical Physics},
  month   = {08},
  year    = {2011},
}

@Article{article:menon,
  author    = {Ching-Peng Huang and Dominik Inauen and Govind Menon},
  title     = {{Motion by mean curvature and Dyson Brownian Motion}},
  doi       = {10.1214/23-ECP540},
  number    = {none},
  pages     = {1 -- 10},
  url       = {https://doi.org/10.1214/23-ECP540},
  volume    = {28},
  file      = {:C\:/Users/Esaul/Documents/Maestría en Probabilidad y Estadística/4 Cuarto semestre/Seminario de investigación/Referencias/Artículos/Ching-Peng Huang, Dominik Inauen, Govind Menon - Motion by mean curvature and Dyson Brownian Motion.pdf:PDF},
  journal   = {Electronic Communications in Probability},
  keywords  = {Dyson Brownian motion, mean curvature, Riemannian submersion, Dyson Brownian motion; mean curvature; Riemannian submersion},
  publisher = {Institute of Mathematical Statistics and Bernoulli Society},
  year      = {2023},
}

@Article{article:finitefree,
  author    = {Marcus, Adam W and Spielman, Daniel A and Srivastava, Nikhil},
  title     = {Finite free convolutions of polynomials},
  number    = {3-4},
  pages     = {807--848},
  volume    = {182},
  file      = {:Artículos/Adam Marcos, Daniel Spielman, Nikhil Srivastava - Finite free convolutions of polynomials.pdf:PDF},
  journal   = {Probability Theory and Related Fields},
  publisher = {Springer},
  year      = {2022},
}

@Book{book:guionnetzeitouni,
  author     = {Anderson, Greg W. and Guionnet, Alice and Zeitouni, Ofer},
  title      = {An Introduction to Random Matrices},
  doi        = {10.1017/CBO9780511801334},
  publisher  = {Cambridge University Press},
  series     = {Cambridge Studies in Advanced Mathematics},
  collection = {Cambridge Studies in Advanced Mathematics},
  file       = {:Libros/Greg W. Anderson, Alice Guionnet, Ofer Zeitouni - An Introduction to Random Matrices.pdf:PDF},
  place      = {Cambridge},
  year       = {2009},
}

@Article{Edelman2005,
  author       = {Edelman, Alan and Rao, N. Raj},
  date         = {2005-04},
  journaltitle = {Acta Numerica},
  title        = {Random matrix theory},
  doi          = {10.1017/s0962492904000236},
  issn         = {1474-0508},
  pages        = {233--297},
  volume       = {14},
  abstract     = {Random matrix theory is now a big subject with applications in many disciplines of science, engineering and finance. This article is a survey specifically oriented towards the needs and interests of a numerical analyst. This survey includes some original material not found anywhere else. We include the important mathematics which is a very modern development, as well as the computational software that is transforming the theory into useful practice.},
  file         = {:C\:/Users/Esaul/Documents/Maestría en Probabilidad y Estadística/4 Cuarto semestre/Seminario de investigación/Referencias/Revisiones/Alan Edelman, N. Raj Rao - Random Matrix Theory.pdf:PDF},
  publisher    = {Cambridge University Press (CUP)},
}

@Article{BertrandEynard1510,
  author = {by Bertrand Eynard and Taro Kimura and Sylvain Ribault},
  date   = {2018-07-06},
  title  = {Random matrices},
  file   = {:C\:/Users/Esaul/Documents/Maestría en Probabilidad y Estadística/4 Cuarto semestre/Seminario de investigación/Referencias/Revisiones/Bertrand Eynard, Taro Kimura, Sylvain Ribault - Random Matrices.pdf:PDF},
}

@Article{Pastur1973,
  author       = {Pastur, L A},
  date         = {1973-02},
  journaltitle = {Russian Mathematical Surveys},
  title        = {SPECTRA OF RANDOM SELF ADJOINT OPERATORS},
  doi          = {10.1070/rm1973v028n01abeh001396},
  issn         = {1468-4829},
  number       = {1},
  pages        = {1--67},
  volume       = {28},
  file         = {:C\:/Users/Esaul/Documents/Maestría en Probabilidad y Estadística/4 Cuarto semestre/Seminario de investigación/Referencias/Revisiones/L. A. Pastur - Spectra of self adjoint operators.pdf:PDF},
  publisher    = {Steklov Mathematical Institute},
}

@PhdThesis{doumerc2005matrices,
  author = {Doumerc, Yan},
  title  = {Matrices al{\'e}atoires, processus stochastiques et groupes de r{\'e}flexions},
  file   = {:C\:/Users/Esaul/Documents/Maestría en Probabilidad y Estadística/4 Cuarto semestre/Seminario de investigación/Referencias/Tesis/Yan Doumerc - Matrices aléatoires, processus stochastiques et groupes de réflexions.pdf:PDF},
  school = {Toulouse 3},
  year   = {2005},
}

@Book{book:revuzyor,
  author    = {Revuz, Daniel and Yor, Marc},
  date      = {2013},
  title     = {Continuous martingales and Brownian motion},
  publisher = {Springer Science \& Business Media},
  volume    = {293},
  file      = {:C\:/Users/Esaul/Documents/Maestría en Probabilidad y Estadística/4 Cuarto semestre/Seminario de investigación/Referencias/Libros/Daniel Revuz and Marc Yor - Continuous martingales and Brownian motion - 978-3-662-06400-9.pdf:PDF},
  year      = {2013},
}

@Book{book:mckean,
  author    = {McKean, Henry P},
  title     = {Stochastic integrals},
  publisher = {American Mathematical Soc.},
  volume    = {353},
  file      = {:C\:/Users/Esaul/Documents/Maestría en Probabilidad y Estadística/4 Cuarto semestre/Seminario de investigación/Referencias/Libros/Henry P. McKean - Stochastic integrals.pdf:PDF},
  year      = {1969},
}

@Article{bru1989diffusions,
  author    = {Bru, Marie-France},
  title     = {Diffusions of perturbed principal component analysis},
  number    = {1},
  pages     = {127--136},
  volume    = {29},
  file      = {:C\:/Users/Esaul/Documents/Maestría en Probabilidad y Estadística/4 Cuarto semestre/Seminario de investigación/Referencias/Artículos/Marie-France Bru - Diffusions of Perturbed Principal Component Analysis.pdf:PDF},
  journal   = {Journal of multivariate analysis},
  publisher = {Elsevier},
  year      = {1989},
}

@Article{graczyk2007moments,
  author    = {Graczyk, Piotr and Vostrikova, Lyudmila},
  title     = {The moments of Wishart processes via It{\^o} calculus},
  number    = {4},
  pages     = {609--625},
  volume    = {51},
  file      = {:C\:/Users/Esaul/Documents/Maestría en Probabilidad y Estadística/4 Cuarto semestre/Seminario de investigación/Referencias/Artículos/Piotr Graczyk, Lioudmila Vostrikova - The Moments of Wishart Processes via Itô Calculus.PDF:PDF},
  journal   = {Theory of Probability \& Its Applications},
  publisher = {SIAM},
  year      = {2007},
}

@Article{mayerhofer2011strong,
  author    = {Mayerhofer, Eberhard and Pfaffel, Oliver and Stelzer, Robert},
  title     = {On strong solutions for positive definite jump diffusions},
  number    = {9},
  pages     = {2072--2086},
  volume    = {121},
  journal   = {Stochastic processes and their applications},
  publisher = {Elsevier},
  year      = {2011},
}

@mastersthesis{thesis_trujillo,
  title={{El proceso de Wishart y la din{\'a}mica de sus eigenvalores y propiedades distribucionales v{\'\i}a c{\'a}lculo estoc{\'a}stico}},
  author={Trujillo Rivera, Eduardo Antonio},
  year={2011},
  school={CIMAT}
}

@book{book:nica_speicher,
    place={Cambridge}, 
    series={London Mathematical Society Lecture Note Series}, 
    title={Lectures on the Combinatorics of Free Probability}, 
    publisher={Cambridge University Press}, 
    author={Nica, Alexandru and Speicher, Roland}, 
    year={2006}, 
    collection={London Mathematical Society Lecture Note Series}} 
  
@mastersthesis{anaya2016cumulantes,
  title={Cumulantes en probabilidad libre finita},
  author={Perales Anaya, Daniel},
  year={2016},
  school={{Universidad Nacional Autónoma de México}}
}

@article{marcus2021polynomial,
  title={Polynomial convolutions and (finite) free probability},
  author={Marcus, Adam W},
  journal={arXiv preprint arXiv:2108.07054},
  year={2021}
}

@book{book:mingo_speicher,
  title={Free probability and random matrices},
  author={Mingo, James A and Speicher, Roland},
  volume={35},
  year={2017},
  publisher={Springer}
}
@book{book:klebaner,
  title={Introduction to stochastic calculus with applications},
  author={Klebaner, Fima C},
  year={2012},
  publisher={World Scientific Publishing Company}
}

@book{book:karatzas,
  title={Brownian motion and stochastic calculus},
  author={Karatzas, Ioannis and Shreve, Steven},
  volume={113},
  year={2014},
  publisher={springer}
}
@book{book:legall,
  title={Brownian motion, martingales, and stochastic calculus},
  author={Le Gall, Jean-Fran{\c{c}}ois},
  year={2016},
  publisher={Springer}
}
@Article{article:jacobi_matrix_model,
  author       = {Lippert, Ross A.},
  date         = {2003},
  journaltitle = {Journal of Mathematical Physics},
  title        = {{A matrix model for the $\beta$-Jacobi ensemble}},
  doi          = {10.1063/1.1604184},
  eprint       = {https://pubs.aip.org/aip/jmp/article-pdf/44/10/4807/19006721/4807\_1\_online.pdf},
  issn         = {0022-2488},
  number       = {10},
  pages        = {4807-4816},
  url          = {https://doi.org/10.1063/1.1604184},
  volume       = {44},
  abstract     = {{This note presents a random matrix model for general ($\beta$\\&gt;0) $\beta$-Jacobi ensembles. This generalizes the well-known MANOVA models for $\beta$=1,2,4 and eliminates the quantization of $\beta$ (and other parameters) present in the previously known models. This model is a partial answer to an open problem presented by Dumitriu and Edelman, where they also presented models for the $\beta$-Laguerre and $\beta$-Hermite ensembles.}},
  file         = {Para el modelo matricial del beta-Jacobi:C\:/Users/Esaul/Documents/Maestría en Probabilidad y Estadística/4 Cuarto semestre/Seminario de investigación/Referencias/Artículos/Ross A. Lippert - A matrix model for the beta-Jacobi ensemble.pdf:PDF},
  journal      = {Journal of Mathematical Physics},
  month        = {10},
  year         = {2003},
}

@Article{article:capitaine_casalis,
  author       = {Mireille Capitaine and Muriel Casalis},
  journaltitle = {Indiana University Mathematics Journal},
  title        = {Asymptotic Freeness by Generalized Moments for Gaussian and Wishart Matrices. Application to Beta Random Matrices},
  issn         = {00222518, 19435258},
  number       = {2},
  pages        = {397--431},
  url          = {http://www.jstor.org/stable/24903515},
  urldate      = {2024-05-28},
  volume       = {53},
  abstract     = {We present a new approach of asymptotic freeness in mean and almost everywhere for independent Gaussian or Wishart complex matrices together with some independent set {Ai | i ∈ ℕ*} of random matrices. This approach is based on the convergence of the generalized moments together with an iterative argument on the number of involved Gaussian or Wishart matrices. In the Gaussian case, a first proof is realized without any counting argument. Nevertheless in both cases, a precise computation of these moments leads asymptotically to the convolution relation set up by Speicher and Nica between the moments of free variables. We draw a sufficient condition on Hermitian matricial models for asymptotic freeness. The asymptotic freeness is then proved between independent Beta and Wishart matrices, and the limiting eigenvalues distribution of the last ones is determined.},
  file         = {For asymptotic freeness of Jacobi Matrix process:C\:/Users/Esaul/Documents/MAESTR~1/4CUART~1/SEMINA~1/REFERE~1/ARTCUL~1/MIREIL~1.PDF:PDF},
  journal      = {Indiana University Mathematics Journal},
  publisher    = {Indiana University Mathematics Department},
  year         = {2004},
}

@Article{article:dirichlet_gamma,
  author    = {Lancelot F. James and Bernard Roynette and Marc Yor},
  title     = {{Generalized Gamma Convolutions, Dirichlet means, Thorin measures, with explicit examples}},
  doi       = {10.1214/07-PS118},
  number    = {none},
  pages     = {346 -- 415},
  url       = {https://doi.org/10.1214/07-PS118},
  volume    = {5},
  abstract  = {In Section 1, we present a number of classical results concerning the Generalized Gamma Convolution ( : GGC) variables, their Wiener-Gamma representations, and relation with the Dirichlet processes.To a GGC variable, one may associate a unique Thorin measure. Let $G$ a positive r.v. and $\Gamma_t(G)$ (resp. $\Gamma_t(1/G)$ the Generalized Gamma Convolution with Thorin measure $t$-times the law of $G$ (resp. the law of $1/G$). In Section 2, we compare the laws of $\Gamma_t(G)$ and $\Gamma_t(1/G)$.In Section 3, we present some old and some new examples of GGC variables, among which the lengths of excursions of Bessel processes straddling an independent exponential time.},
  file      = {Para el proceso de Dirichlet y la anlogía con el proceso Jacobi (independencia de las componentes):C\:/Users/Esaul/Documents/Maestría en Probabilidad y Estadística/4 Cuarto semestre/Seminario de investigación/Referencias/ARTCUL~1/LANCEL~1.PDF:PDF},
  journal   = {Probability Surveys},
  keywords  = {Dirichlet processes, Generalized Gamma Convolutions (GGC), Laplace transform, Stieltjes transform, Wiener Gamma representation},
  publisher = {Institute of Mathematical Statistics and Bernoulli Society},
  year      = {2008},
}

@Misc{article:morales_perales,
  author        = {Andrei Martinez-Finkelshtein and Rafael Morales and Daniel Perales},
  title         = {Real roots of hypergeometric polynomials via finite free convolution},
  eprint        = {2309.10970},
  archiveprefix = {arXiv},
  file          = {Para la forma que tiene el polinomio característico esperado de un proceso de Jacobi:C\:/Users/Esaul/Documents/Maestría en Probabilidad y Estadística/4 Cuarto semestre/Seminario de investigación/Referencias/ARTCUL~1/ANDREI~1.PDF:PDF},
  primaryclass  = {math.CA},
  year          = {2024},
}

@Article{article:arizmendi_perales,
  author   = {Octavio Arizmendi and Daniel Perales},
  title    = {Cumulants for finite free convolution},
  doi      = {https://doi.org/10.1016/j.jcta.2017.11.012},
  issn     = {0097-3165},
  pages    = {244-266},
  url      = {https://www.sciencedirect.com/science/article/pii/S0097316517301668},
  volume   = {155},
  abstract = {In this paper we define cumulants for finite free convolution. We give a moment-cumulant formula and show that these cumulants satisfy desired properties: they are additive with respect to finite free convolution and they approach free cumulants as the dimension goes to infinity.},
  file     = {Definición correcta de transformada R finita:C\:/Users/Esaul/Documents/Maestría en Probabilidad y Estadística/4 Cuarto semestre/Seminario de investigación/Referencias/Artículos/Octavio Arizmendi, Daniel Perales - Cumulants for Finite Free Convolution.pdf:PDF},
  journal  = {Journal of Combinatorial Theory, Series A},
  keywords = {Cumulants, Finite free convolution, Free probability},
  year     = {2018},
}

@Misc{article:marcus_finite,
  author        = {Adam W. Marcus},
  title         = {Polynomial convolutions and (finite) free probability},
  eprint        = {2108.07054},
  archiveprefix = {arXiv},
  file          = {Polinomios módulo [x^n]:C\:/Users/Esaul/Documents/Maestría en Probabilidad y Estadística/4 Cuarto semestre/Seminario de investigación/Referencias/Artículos/Adam Marcus - Polynomial convolutions and (finite) free probability.pdf:PDF},
  primaryclass  = {math.CO},
  year          = {2021},
}
@article{article:holcomb_paquette,
  title={Tridiagonal models for Dyson Brownian motion},
  author={Holcomb, Diane and Paquette, Elliot},
  journal={arXiv preprint arXiv:1707.02700},
  year={2017}
}
@article{article:dumitriu_edelman,
  title={Matrix models for beta ensembles},
  author={Dumitriu, Ioana and Edelman, Alan},
  journal={Journal of Mathematical Physics},
  volume={43},
  number={11},
  pages={5830--5847},
  year={2002},
  publisher={American Institute of Physics}
}
@article{walsh1922location,
  title={On the location of the roots of certain types of polynomials},
  author={Walsh, Joseph L},
  journal={Transactions of the American Mathematical Society},
  volume={24},
  number={3},
  pages={163--180},
  year={1922}
}
@book{szeg1939orthogonal,
  title={Orthogonal polynomials},
  author={Szegö, Gabor},
  volume={23},
  year={1939},
  publisher={American Mathematical Soc.}
}
@article{article:allez_guionnet_beta,
author = {Romain Allez and Alice Guionnet},
title = {{A diffusive matrix model for invariant $\beta$-ensembles}},
volume = {18},
journal = {Electronic Journal of Probability},
number = {none},
publisher = {Institute of Mathematical Statistics and Bernoulli Society},
pages = {1 -- 30},
keywords = {Dyson Brownian motion, Interacting particles system, random matrices, stochastic calculus},
year = {2013},
doi = {10.1214/EJP.v18-2073},
URL = {https://doi.org/10.1214/EJP.v18-2073}
}
@article{edelman1988eigenvalues,
  title={Eigenvalues and condition numbers of random matrices},
  author={Edelman, Alan},
  journal={SIAM journal on matrix analysis and applications},
  volume={9},
  number={4},
  pages={543--560},
  year={1988},
  publisher={SIAM}
}
@article{article:wishart,
    author = {Wishart, John},
    title = {The Generalised Product Moment Distribution in Samples from a Normal Multivariate Population},
    journal = {Biometrika},
    volume = {20A},
    number = {1-2},
    pages = {32-52},
    year = {1928},
    month = {12},
    issn = {0006-3444},
    doi = {10.1093/biomet/20A.1-2.32},
    url = {https://doi.org/10.1093/biomet/20A.1-2.32},
    eprint = {https://academic.oup.com/biomet/article-pdf/20A/1-2/32/530655/20A-1-2-32.pdf},
}
@book{book:hastie_tibshirani,
  added-at = {2008-05-16T16:17:42.000+0200},
  address = {New York, NY, USA},
  author = {Hastie, Trevor and Tibshirani, Robert and Friedman, Jerome},
  biburl = {https://www.bibsonomy.org/bibtex/2f58afc5c9793fcc8ad8389824e57984c/sb3000},
  interhash = {d585aea274f2b9b228fc1629bc273644},
  intrahash = {f58afc5c9793fcc8ad8389824e57984c},
  keywords = {ml statistics},
  publisher = {Springer New York Inc.},
  series = {Springer Series in Statistics},
  timestamp = {2008-05-16T16:17:43.000+0200},
  title = {The Elements of Statistical Learning},
  year = 2001
}
@book{book:multivariate_statistics,
  added-at = {2011-02-15T15:41:05.000+0100},
  author = {Muirhead, Robb J.},
  biburl = {https://www.bibsonomy.org/bibtex/2410d53b128be06949a71a5dbce51facc/ytyoun},
  interhash = {ba679b25bfbd69cb79c0af8475c454a1},
  intrahash = {410d53b128be06949a71a5dbce51facc},
  keywords = {multivariate statistics textbook},
  publisher = {Wiley-Interscience},
  timestamp = {2016-10-24T07:48:03.000+0200},
  title = {Aspects of Multivariate Statistical Theory},
  year = 2005
}

@article{article:GSVD_van_loan,
author = {Van Loan, Charles F.},
title = {Generalizing the Singular Value Decomposition},
journal = {SIAM Journal on Numerical Analysis},
volume = {13},
number = {1},
pages = {76-83},
year = {1976},
doi = {10.1137/0713009},
    URL = {https://doi.org/10.1137/0713009},
    eprint = {https://doi.org/10.1137/0713009},
    abstract = { Two generalizations of the singular value decomposition are given. These generalizations provided a unified way of regarding certain matrix problems and the numerical techniques which are used to solve them. }
}
@article{article:marcus_finite_free_point_processes,
  title={Finite free point processes},
  author={Marcus, Adam W},
  journal={arXiv preprint arXiv:2205.00495},
  year={2022}
}
@phdthesis{thesis:collins,
  TITLE = {{Int{\'e}grales matricielles et Probabilit{\'e}s Non-Commutatives}},
  AUTHOR = {Collins, Benoit},
  URL = {https://theses.hal.science/tel-00004306},
  SCHOOL = {{Universit{\'e} Pierre et Marie Curie - Paris VI}},
  YEAR = {2003},
  MONTH = Jan,
  KEYWORDS = {probabilites quantiques ; Matrices aleatoires ; probabilites libres ; frontiere de martin ; probabilites quantiques.},
  TYPE = {Theses},
  PDF = {https://theses.hal.science/tel-00004306/file/tel-00004306.pdf},
  HAL_ID = {tel-00004306},
  HAL_VERSION = {v1},
}
@book{book:mathematical_methods_for_physicists,
  title={Mathematical methods for physicists},
  author={Babusci, Danilo and Dattoli, Giuseppe and Licciardi, Silvia and Sabia, Elio},
  year={2019},
  publisher={World Scientific}
}
@article{book:orthogonal_polynomials_and_stochastic_processes,
  title={Orthogonal Polynomials and Stochastic Processes},
  author={Schoutens, W},
  journal={Lecture Notes in Statistics, Springer},
  volume={960},
  year={2000}
}
@misc{article:fuglede_kadisen_determinant,
      title={The Fuglede-Kadison determinant, theme and variations}, 
      author={Pierre de la Harpe},
      year={2012},
      eprint={1107.1059},
      archivePrefix={arXiv},
      primaryClass={math.OA},
      url={https://arxiv.org/abs/1107.1059}, 
}
@book{book:percy_deift_orthogonal,
  title={Orthogonal Polynomials and Random Matrices: A Riemann-Hilbert Approach: A Riemann-Hilbert Approach},
  author={Deift, Percy},
  volume={3},
  year={2000},
  publisher={American Mathematical Soc.}
}
@article{article:aomoto1987jacobi_selberg_integrals,
  title={Jacobi polynomials associated with Selberg integrals},
  author={Aomoto, Kazuhiko},
  journal={SIAM Journal on Mathematical Analysis},
  volume={18},
  number={2},
  pages={545--549},
  year={1987},
  publisher={SIAM}
}
@article{article:edelman_sutton_jacobi,
  title={The beta-Jacobi matrix model, the CS decomposition, and generalized singular value problems},
  author={Edelman, Alan and Sutton, Brian D},
  journal={Foundations of Computational Mathematics},
  volume={8},
  number={2},
  pages={259--285},
  year={2008},
  publisher={Springer}
}
@book{book:asmussen,
  title={Stochastic simulation: algorithms and analysis},
  author={Asmussen, S{\o}ren and Glynn, Peter W},
  volume={57},
  year={2007},
  publisher={Springer}
}
@article{article:roots_grow_polya,
  title={Elements of P{\'o}lya-Schur theory in the finite difference setting},
  author={Br{\"a}nd{\'e}n, Petter and Krasikov, Ilia and Shapiro, Boris},
  journal={Proceedings of the American Mathematical Society},
  volume={144},
  number={11},
  pages={4831--4843},
  year={2016}
}
@Comment{jabref-meta: databaseType:biblatex;}

